/home/peisenha/office/workspace/bibliography/literature.bib